<record><leader>00000cas a22000007a 4500</leader><controlfield tag="001">12996619</controlfield><controlfield tag="008">860109d18971901mtuwr ne      0    0ger d</controlfield><datafield ind1=" " ind2=" " tag="010"><subfield code="a">sn 86075005 </subfield></datafield><datafield ind1=" " ind2=" " tag="040"><subfield code="a">MTL</subfield><subfield code="b">eng</subfield><subfield code="c">MTL</subfield><subfield code="d">NPV</subfield><subfield code="d">OCLCQ</subfield></datafield><datafield ind1=" " ind2=" " tag="042"><subfield code="a">msc</subfield></datafield><datafield ind1="0" ind2="0" tag="245"><subfield code="a">Montana journal.</subfield></datafield><datafield ind1=" " ind2=" " tag="260"><subfield code="a">Butte, Mont. :</subfield><subfield code="b">Journal Print. Co.,</subfield><subfield code="c">-1901.</subfield></datafield><datafield ind1=" " ind2=" " tag="300"><subfield code="a">5 v. :</subfield><subfield code="b">ill. (chiefly ads.) ;</subfield><subfield code="c">55 cm.</subfield></datafield><datafield ind1=" " ind2=" " tag="310"><subfield code="a">Weekly,</subfield><subfield code="b">Feb. 10, 1900-Nov. 16, 1901</subfield></datafield><datafield ind1=" " ind2=" " tag="321"><subfield code="a">&quot;2 mal wo&#776;chentlich&quot; (semiweekly),</subfield><subfield code="b">&lt;Jan. 14, 1899&gt;-Feb. 3, 1900</subfield></datafield><datafield ind1="0" ind2=" " tag="362"><subfield code="a">-jahrgang 5, no. 44 (16 Nov. 1901).</subfield></datafield><datafield ind1="1" ind2=" " tag="362"><subfield code="a">Began in 1897.</subfield><subfield code="z">Cf. Gregory, W. Amer. newspapers.</subfield></datafield><datafield ind1=" " ind2=" " tag="500"><subfield code="a">Editors: H. Rozenzweig, &lt;Jan. 14, 1899&gt;-June 28, 1901; J.C. Martin, July 5-Nov. 16, 1901.</subfield></datafield><datafield ind1=" " ind2=" " tag="521"><subfield code="a">&quot;Jederzeit bestrebt zu sein die deutsche Bevo&#776;lkerung von Butte und des Staates in wu&#776;rdiger Weise zu vertreten das deutsche Logen und Vereinsleben zu fo&#776;rdern und gute deutsche Sitte und Gemutlichkeit zu erhalten und fortzupflanzen&quot; (always striving to promote among the German population of Butte and the state a fuller appreciation of German lodges and social life, and the preservation of good German customs and geniality).</subfield></datafield><datafield ind1=" " ind2=" " tag="546"><subfield code="a">In German.</subfield></datafield><datafield ind1=" " ind2=" " tag="550"><subfield code="a">Official organ of: O.R.M L.B.</subfield></datafield><datafield ind1=" " ind2=" " tag="588"><subfield code="a">Description based on: 3 Jahrg., no. 1 (14 Jan. 1899).</subfield></datafield><datafield ind1=" " ind2=" " tag="752"><subfield code="a">United States</subfield><subfield code="b">Montana</subfield><subfield code="c">Silver Bow</subfield><subfield code="d">Butte.</subfield></datafield><datafield ind1="0" ind2="0" tag="785"><subfield code="t">Nordwesten</subfield><subfield code="w">(DLC)sn 86075006</subfield></datafield><datafield ind1="1" ind2=" " tag="029"><subfield code="a">AU@</subfield><subfield code="b">000023482654</subfield></datafield></record>